
@incollection{michal_cognitive_2021,
	title = {Microarray-based transcriptomics of early mammalian development},
	booktitle = {Advances in Disease Models},
	publisher = {OPTIO CZ},
	author = {Horvat, Filip and Svoboda, Petr},
	date = {2019}
}