@article{demeter2019main,
  title={Main constraints for RNAi induced by expressed long dsRNA in mouse cells},
  author={Demeter, Tomas and Vaskovicova, Michaela and Malik, Radek and Horvat, Filip and Pasulka, Josef and Svobodova, Eliska and Flemr, Matyas and Svoboda, Petr},
  journal={Life science alliance},
  volume={2},
  number={1},
  year={2019},
  publisher={Life Science Alliance}
}

@article{horvat2018role,
  title={Role of Cnot6l in maternal mRNA turnover},
  author={Horvat, Filip and Fulka, Helena and Jankele, Radek and Malik, Radek and Jun, Ma and Solcova, Katerina and Sedlacek, Radislav and Vlahovicek, Kristian and Schultz, Richard M and Svoboda, Petr},
  journal={Life science alliance},
  volume={1},
  number={4},
  year={2018},
  publisher={Life Science Alliance}
}

@article{franke2017long,
  title={Long terminal repeats power evolution of genes and gene expression programs in mammalian oocytes and zygotes},
  author={Franke, Vedran and Ganesh, Sravya and Karlic, Rosa and Malik, Radek and Pasulka, Josef and Horvat, Filip and Kuzman, Maja and Fulka, Helena and Cernohorska, Marketa and Urbanova, Jana and others},
  journal={Genome research},
  volume={27},
  number={8},
  pages={1384--1394},
  year={2017},
  publisher={Cold Spring Harbor Lab}
}

@article{taborska2019restricted,
  title={Restricted and non-essential redundancy of RNAi and piRNA pathways in mouse oocytes},
  author={Taborska, Eliska and Pasulka, Josef and Malik, Radek and Horvat, Filip and Jenickova, Irena and Jeli{\'c} Mato{\v{s}}evi{\'c}, Zoe and Svoboda, Petr},
  journal={PLoS genetics},
  volume={15},
  number={12},
  pages={e1008261},
  year={2019},
  publisher={Public Library of Science San Francisco, CA USA}
}

@article{ganesh2020most,
  title={The most abundant maternal lncRNA Sirena1 acts post-transcriptionally and impacts mitochondrial distribution},
  author={Ganesh, Sravya and Horvat, Filip and Drutovic, David and Efenberkova, Michaela and Pinkas, Dominik and Jindrova, Anna and Pasulka, Josef and Iyyappan, Rajan and Malik, Radek and Susor, Andrej and others},
  journal={Nucleic acids research},
  volume={48},
  number={6},
  pages={3211--3227},
  year={2020},
  publisher={Oxford University Press}
}

@article{kataruka2020microrna,
  title={MicroRNA dilution during oocyte growth disables the microRNA pathway in mammalian oocytes},
  author={Kataruka, Shubhangini and Modrak, Martin and Kinterova, Veronika and Malik, Radek and Zeitler, Daniela M and Horvat, Filip and Kanka, Jiri and Meister, Gunter and Svoboda, Petr},
  journal={Nucleic Acids Research},
  volume={48},
  number={14},
  pages={8050--8062},
  year={2020},
  publisher={Oxford University Press}
}

@article{loubalova2021formation,
  title={Formation of spermatogonia and fertile oocytes in golden hamsters requires piRNAs},
  author={Loubalova, Zuzana and Fulka, Helena and Horvat, Filip and Pasulka, Josef and Malik, Radek and Hirose, Michiko and Ogura, Atsuo and Svoboda, Petr},
  journal={Nature cell biology},
  volume={23},
  number={9},
  pages={992--1001},
  year={2021},
  publisher={Nature Publishing Group}
}

@article{kataruka2022physiologically,
  title={Physiologically relevant miRNAs in mammalian oocytes are rare and highly abundant},
  author={Kataruka, Shubhangini and Kinterova, Veronika and Horvat, Filip and Kulmann, Marcos Iuri Roos and Kanka, Jiri and Svoboda, Petr},
  journal={EMBO reports},
  volume={23},
  number={2},
  pages={e53514},
  year={2022}
}

@article{zapletal2022structural,
  title={Structural and functional basis of mammalian microRNA biogenesis by Dicer},
  author={Zapletal, David and Taborska, Eliska and Pasulka, Josef and Malik, Radek and Kubicek, Karel and Zanova, Martina and Much, Christian and Sebesta, Marek and Buccheri, Valeria and Horvat, Filip and others},
  journal={Molecular Cell},
  volume={82},
  number={21},
  pages={4064--4079},
  year={2022},
  publisher={Elsevier}
}

@article{petrzilek2022novo,
  title={De novo emergence, existence, and demise of a protein-coding gene in murids},
  author={Petrzilek, Jan and Pasulka, Josef and Malik, Radek and Horvat, Filip and Kataruka, Shubhangini and Fulka, Helena and Svoboda, Petr},
  journal={BMC biology},
  volume={20},
  number={1},
  pages={1--14},
  year={2022},
  publisher={BioMed Central}
}
